@misc{statista2025,
  author = {{Statista}},
  title  = {Amount of Data Created Worldwide 2010-2025},
  year   = {2025},
  url    = {https://www.statista.com/statistics/871513/worldwide-data-created/}
}

@misc{brown2020language,
  title         = {Language Models are Few-Shot Learners},
  author        = {Tom B. Brown and Benjamin Mann and Nick Ryder and Melanie Subbiah and Jared Kaplan and Prafulla Dhariwal and Arvind Neelakantan and Pranav Shyam and Girish Sastry and Amanda Askell and Sandhini Agarwal and Ariel Herbert-Voss and Gretchen Krueger and Tom Henighan and Rewon Child and Aditya Ramesh and Daniel M. Ziegler and Jeffrey Wu and Clemens Winter and Christopher Hesse and Mark Chen and Eric Sigler and Mateusz Litwin and Scott Gray and Benjamin Chess and Jack Clark and Christopher Berner and Sam McCandlish and Alec Radford and Ilya Sutskever and Dario Amodei},
  year          = {2020},
  eprint        = {2005.14165},
  archiveprefix = {arXiv},
  primaryclass  = {cs.CL},
  url           = {https://arxiv.org/abs/2005.14165}
}


@misc{chowdhery2022palm,
  title         = {PaLM: Scaling Language Modeling with Pathways},
  author        = {Aakanksha Chowdhery and Sharan Narang and Jacob Devlin and Maarten Bosma and Gaurav Mishra and Adam Roberts and Paul Barham and Hyung Won Chung and Charles Sutton and Sebastian Gehrmann and Parker Schuh and Kensen Shi and Sasha Tsvyashchenko and Joshua Maynez and Abhishek Rao and Parker Barnes and Yi Tay and Noam Shazeer and Vinodkumar Prabhakaran and Emily Reif and Nan Du and Ben Hutchinson and Reiner Pope and James Bradbury and Jacob Austin and Michael Isard and Guy Gur-Ari and Pengcheng Yin and Toju Duke and Anselm Levskaya and Sanjay Ghemawat and Sunipa Dev and Henryk Michalewski and Xavier Garcia and Vedant Misra and Kevin Robinson and Liam Fedus and Denny Zhou and Daphne Ippolito and David Luan and Hyeontaek Lim and Barret Zoph and Alexander Spiridonov and Ryan Sepassi and David Dohan and Shivani Agrawal and Mark Omernick and Andrew M. Dai and Thanumalayan Sankaranarayana Pillai and Marie Pellat and Aitor Lewkowycz and Erica Moreira and Rewon Child and Oleksandr Polozov and Katherine Lee and Zongwei Zhou and Xuezhi Wang and Brennan Saeta and Mark Diaz and Orhan Firat and Michele Catasta and Jason Wei and Kathy Meier-Hellstern and Douglas Eck and Jeff Dean and Slav Petrov and Noah Fiedel},
  year          = {2022},
  eprint        = {2204.02311},
  archiveprefix = {arXiv},
  primaryclass  = {cs.CL},
  url           = {https://arxiv.org/abs/2204.02311}
}


@misc{touvron2023llama,
  title         = {LLaMA: Open and Efficient Foundation Language Models},
  author        = {Hugo Touvron and Thibaut Lavril and Gautier Izacard and Xavier Martinet and Marie-Anne Lachaux and Timothée Lacroix and Baptiste Rozière and Naman Goyal and Eric Hambro and Faisal Azhar and Aurelien Rodriguez and Armand Joulin and Edouard Grave and Guillaume Lample},
  year          = {2023},
  eprint        = {2302.13971},
  archiveprefix = {arXiv},
  primaryclass  = {cs.CL},
  url           = {https://arxiv.org/abs/2302.13971}
}


@misc{scao2022bloom,
  title         = {BLOOM: A 176B-Parameter Open-Access Multilingual Language Model},
  author        = {BigScience Workshop and : and Teven Le Scao and Angela Fan and Christopher Akiki and Ellie Pavlick and Suzana Ilić and Daniel Hesslow and Roman Castagné and Alexandra Sasha Luccioni and François Yvon and Matthias Gallé and Jonathan Tow and Alexander M. Rush and Stella Biderman and Albert Webson and Pawan Sasanka Ammanamanchi and Thomas Wang and Benoît Sagot and Niklas Muennighoff and Albert Villanova del Moral and Olatunji Ruwase and Rachel Bawden and Stas Bekman and Angelina McMillan-Major and Iz Beltagy and Huu Nguyen and Lucile Saulnier and Samson Tan and Pedro Ortiz Suarez and Victor Sanh and Hugo Laurençon and Yacine Jernite and Julien Launay and Margaret Mitchell and Colin Raffel and Aaron Gokaslan and Adi Simhi and Aitor Soroa and Alham Fikri Aji and Amit Alfassy and Anna Rogers and Ariel Kreisberg Nitzav and Canwen Xu and Chenghao Mou and Chris Emezue and Christopher Klamm and Colin Leong and Daniel van Strien and David Ifeoluwa Adelani and Dragomir Radev and Eduardo González Ponferrada and Efrat Levkovizh and Ethan Kim and Eyal Bar Natan and Francesco De Toni and Gérard Dupont and Germán Kruszewski and Giada Pistilli and Hady Elsahar and Hamza Benyamina and Hieu Tran and Ian Yu and Idris Abdulmumin and Isaac Johnson and Itziar Gonzalez-Dios and Javier de la Rosa and Jenny Chim and Jesse Dodge and Jian Zhu and Jonathan Chang and Jörg Frohberg and Joseph Tobing and Joydeep Bhattacharjee and Khalid Almubarak and Kimbo Chen and Kyle Lo and Leandro Von Werra and Leon Weber and Long Phan and Loubna Ben allal and Ludovic Tanguy and Manan Dey and Manuel Romero Muñoz and Maraim Masoud and María Grandury and Mario Šaško and Max Huang and Maximin Coavoux and Mayank Singh and Mike Tian-Jian Jiang and Minh Chien Vu and Mohammad A. Jauhar and Mustafa Ghaleb and Nishant Subramani and Nora Kassner and Nurulaqilla Khamis and Olivier Nguyen and Omar Espejel and Ona de Gibert and Paulo Villegas and Peter Henderson and Pierre Colombo and Priscilla Amuok and Quentin Lhoest and Rheza Harliman and Rishi Bommasani and Roberto Luis López and Rui Ribeiro and Salomey Osei and Sampo Pyysalo and Sebastian Nagel and Shamik Bose and Shamsuddeen Hassan Muhammad and Shanya Sharma and Shayne Longpre and Somaieh Nikpoor and Stanislav Silberberg and Suhas Pai and Sydney Zink and Tiago Timponi Torrent and Timo Schick and Tristan Thrush and Valentin Danchev and Vassilina Nikoulina and Veronika Laippala and Violette Lepercq and Vrinda Prabhu and Zaid Alyafeai and Zeerak Talat and Arun Raja and Benjamin Heinzerling and Chenglei Si and Davut Emre Taşar and Elizabeth Salesky and Sabrina J. Mielke and Wilson Y. Lee and Abheesht Sharma and Andrea Santilli and Antoine Chaffin and Arnaud Stiegler and Debajyoti Datta and Eliza Szczechla and Gunjan Chhablani and Han Wang and Harshit Pandey and Hendrik Strobelt and Jason Alan Fries and Jos Rozen and Leo Gao and Lintang Sutawika and M Saiful Bari and Maged S. Al-shaibani and Matteo Manica and Nihal Nayak and Ryan Teehan and Samuel Albanie and Sheng Shen and Srulik Ben-David and Stephen H. Bach and Taewoon Kim and Tali Bers and Thibault Fevry and Trishala Neeraj and Urmish Thakker and Vikas Raunak and Xiangru Tang and Zheng-Xin Yong and Zhiqing Sun and Shaked Brody and Yallow Uri and Hadar Tojarieh and Adam Roberts and Hyung Won Chung and Jaesung Tae and Jason Phang and Ofir Press and Conglong Li and Deepak Narayanan and Hatim Bourfoune and Jared Casper and Jeff Rasley and Max Ryabinin and Mayank Mishra and Minjia Zhang and Mohammad Shoeybi and Myriam Peyrounette and Nicolas Patry and Nouamane Tazi and Omar Sanseviero and Patrick von Platen and Pierre Cornette and Pierre François Lavallée and Rémi Lacroix and Samyam Rajbhandari and Sanchit Gandhi and Shaden Smith and Stéphane Requena and Suraj Patil and Tim Dettmers and Ahmed Baruwa and Amanpreet Singh and Anastasia Cheveleva and Anne-Laure Ligozat and Arjun Subramonian and Aurélie Névéol and Charles Lovering and Dan Garrette and Deepak Tunuguntla and Ehud Reiter and Ekaterina Taktasheva and Ekaterina Voloshina and Eli Bogdanov and Genta Indra Winata and Hailey Schoelkopf and Jan-Christoph Kalo and Jekaterina Novikova and Jessica Zosa Forde and Jordan Clive and Jungo Kasai and Ken Kawamura and Liam Hazan and Marine Carpuat and Miruna Clinciu and Najoung Kim and Newton Cheng and Oleg Serikov and Omer Antverg and Oskar van der Wal and Rui Zhang and Ruochen Zhang and Sebastian Gehrmann and Shachar Mirkin and Shani Pais and Tatiana Shavrina and Thomas Scialom and Tian Yun and Tomasz Limisiewicz and Verena Rieser and Vitaly Protasov and Vladislav Mikhailov and Yada Pruksachatkun and Yonatan Belinkov and Zachary Bamberger and Zdeněk Kasner and Alice Rueda and Amanda Pestana and Amir Feizpour and Ammar Khan and Amy Faranak and Ana Santos and Anthony Hevia and Antigona Unldreaj and Arash Aghagol and Arezoo Abdollahi and Aycha Tammour and Azadeh HajiHosseini and Bahareh Behroozi and Benjamin Ajibade and Bharat Saxena and Carlos Muñoz Ferrandis and Daniel McDuff and Danish Contractor and David Lansky and Davis David and Douwe Kiela and Duong A. Nguyen and Edward Tan and Emi Baylor and Ezinwanne Ozoani and Fatima Mirza and Frankline Ononiwu and Habib Rezanejad and Hessie Jones and Indrani Bhattacharya and Irene Solaiman and Irina Sedenko and Isar Nejadgholi and Jesse Passmore and Josh Seltzer and Julio Bonis Sanz and Livia Dutra and Mairon Samagaio and Maraim Elbadri and Margot Mieskes and Marissa Gerchick and Martha Akinlolu and Michael McKenna and Mike Qiu and Muhammed Ghauri and Mykola Burynok and Nafis Abrar and Nazneen Rajani and Nour Elkott and Nour Fahmy and Olanrewaju Samuel and Ran An and Rasmus Kromann and Ryan Hao and Samira Alizadeh and Sarmad Shubber and Silas Wang and Sourav Roy and Sylvain Viguier and Thanh Le and Tobi Oyebade and Trieu Le and Yoyo Yang and Zach Nguyen and Abhinav Ramesh Kashyap and Alfredo Palasciano and Alison Callahan and Anima Shukla and Antonio Miranda-Escalada and Ayush Singh and Benjamin Beilharz and Bo Wang and Caio Brito and Chenxi Zhou and Chirag Jain and Chuxin Xu and Clémentine Fourrier and Daniel León Periñán and Daniel Molano and Dian Yu and Enrique Manjavacas and Fabio Barth and Florian Fuhrimann and Gabriel Altay and Giyaseddin Bayrak and Gully Burns and Helena U. Vrabec and Imane Bello and Ishani Dash and Jihyun Kang and John Giorgi and Jonas Golde and Jose David Posada and Karthik Rangasai Sivaraman and Lokesh Bulchandani and Lu Liu and Luisa Shinzato and Madeleine Hahn de Bykhovetz and Maiko Takeuchi and Marc Pàmies and Maria A Castillo and Marianna Nezhurina and Mario Sänger and Matthias Samwald and Michael Cullan and Michael Weinberg and Michiel De Wolf and Mina Mihaljcic and Minna Liu and Moritz Freidank and Myungsun Kang and Natasha Seelam and Nathan Dahlberg and Nicholas Michio Broad and Nikolaus Muellner and Pascale Fung and Patrick Haller and Ramya Chandrasekhar and Renata Eisenberg and Robert Martin and Rodrigo Canalli and Rosaline Su and Ruisi Su and Samuel Cahyawijaya and Samuele Garda and Shlok S Deshmukh and Shubhanshu Mishra and Sid Kiblawi and Simon Ott and Sinee Sang-aroonsiri and Srishti Kumar and Stefan Schweter and Sushil Bharati and Tanmay Laud and Théo Gigant and Tomoya Kainuma and Wojciech Kusa and Yanis Labrak and Yash Shailesh Bajaj and Yash Venkatraman and Yifan Xu and Yingxin Xu and Yu Xu and Zhe Tan and Zhongli Xie and Zifan Ye and Mathilde Bras and Younes Belkada and Thomas Wolf},
  year          = {2023},
  eprint        = {2211.05100},
  archiveprefix = {arXiv},
  primaryclass  = {cs.CL},
  url           = {https://arxiv.org/abs/2211.05100}
}


@misc{vaswani2017attention,
  title         = {Attention Is All You Need},
  author        = {Ashish Vaswani and Noam Shazeer and Niki Parmar and Jakob Uszkoreit and Llion Jones and Aidan N. Gomez and Lukasz Kaiser and Illia Polosukhin},
  year          = {2023},
  eprint        = {1706.03762},
  archiveprefix = {arXiv},
  primaryclass  = {cs.CL},
  url           = {https://arxiv.org/abs/1706.03762}
}


@article{mcculloch1943logical,
  author   = {McCulloch, Warren S. and Pitts, Walter},
  title    = {A logical calculus of the ideas immanent in nervous activity},
  journal  = {The bulletin of mathematical biophysics},
  year     = {1943},
  volume   = {5},
  number   = {4},
  pages    = {115--133},
  doi      = {10.1007/BF02478259},
  url      = {https://doi.org/10.1007/BF02478259},
  issn     = {1522-9602}
}


@misc{lewis2020retrieval,
  title         = {Retrieval-Augmented Generation for Knowledge-Intensive NLP Tasks},
  author        = {Patrick Lewis and Ethan Perez and Aleksandra Piktus and Fabio Petroni and Vladimir Karpukhin and Naman Goyal and Heinrich Küttler and Mike Lewis and Wen-tau Yih and Tim Rocktäschel and Sebastian Riedel and Douwe Kiela},
  year          = {2021},
  eprint        = {2005.11401},
  archiveprefix = {arXiv},
  primaryclass  = {cs.CL},
  url           = {https://arxiv.org/abs/2005.11401}
}


@misc{ouyang2022training,
  title         = {Training language models to follow instructions with human feedback},
  author        = {Long Ouyang and Jeff Wu and Xu Jiang and Diogo Almeida and Carroll L. Wainwright and Pamela Mishkin and Chong Zhang and Sandhini Agarwal and Katarina Slama and Alex Ray and John Schulman and Jacob Hilton and Fraser Kelton and Luke Miller and Maddie Simens and Amanda Askell and Peter Welinder and Paul Christiano and Jan Leike and Ryan Lowe},
  year          = {2022},
  eprint        = {2203.02155},
  archiveprefix = {arXiv},
  primaryclass  = {cs.CL},
  url           = {https://arxiv.org/abs/2203.02155}
}

@misc{liu2024understanding,
  title         = {Understanding LLMs: A Comprehensive Overview from Training to Inference},
  author        = {Yiheng Liu and Hao He and Tianle Han and Xu Zhang and Mengyuan Liu and Jiaming Tian and Yutong Zhang and Jiaqi Wang and Xiaohui Gao and Tianyang Zhong and Yi Pan and Shaochen Xu and Zihao Wu and Zhengliang Liu and Xin Zhang and Shu Zhang and Xintao Hu and Tuo Zhang and Ning Qiang and Tianming Liu and Bao Ge},
  year          = {2024},
  eprint        = {2401.02038},
  archiveprefix = {arXiv},
  primaryclass  = {cs.CL},
  url           = {https://arxiv.org/abs/2401.02038}
}


@misc{hu2021lora,
  title         = {LoRA: Low-Rank Adaptation of Large Language Models},
  author        = {Edward J. Hu and Yelong Shen and Phillip Wallis and Zeyuan Allen-Zhu and Yuanzhi Li and Shean Wang and Lu Wang and Weizhu Chen},
  year          = {2021},
  eprint        = {2106.09685},
  archiveprefix = {arXiv},
  primaryclass  = {cs.CL},
  url           = {https://arxiv.org/abs/2106.09685}
}


@misc{huggingfacecourse,
  author = {Hugging Face},
  title = {The Hugging Face Course, 2022},
  howpublished = "\url{https://huggingface.co/course}",
  year = {2022}
}


@article{rumelhart1986learning,
  author   = {Rumelhart, David E. and Hinton, Geoffrey E. and Williams, Ronald J.},
  title    = {Learning representations by back-propagating errors},
  journal  = {Nature},
  year     = {1986},
  volume   = {323},
  number   = {6088},
  pages    = {533--536},
  doi      = {10.1038/323533a0},
  url      = {https://doi.org/10.1038/323533a0},
  issn     = {1476-4687}
}


@article{lecun1998gradient,
  author   = {Lecun, Y. and Bottou, L. and Bengio, Y. and Haffner, P.},
  journal  = {Proceedings of the IEEE},
  title    = {Gradient-based learning applied to document recognition},
  year     = {1998},
  volume   = {86},
  number   = {11},
  pages    = {2278-2324},
  keywords = {Neural networks;Pattern recognition;Machine learning;Optical character recognition software;Character recognition;Feature extraction;Multi-layer neural network;Optical computing;Hidden Markov models;Principal component analysis},
  doi      = {10.1109/5.726791}
}


@article{rosenblatt1958perceptron,
  author  = {Rosenblatt, F.},
  year    = {1958},
  month   = {11},
  pages   = {386 - 408},
  title   = {The perceptron: A probabilistic model for information storage and organization in the brain [J]},
  volume  = {65},
  journal = {Psychol. Review},
  doi     = {10.1037/h0042519}
}


@book{minsky1969perceptrons,
  author    = {Minsky, Marvin and Papert, Seymour A.},
  title     = {Perceptrons: An Introduction to Computational Geometry},
  publisher = {The MIT Press},
  year      = {2017},
  month     = {09},
  isbn      = {9780262343930},
  doi       = {10.7551/mitpress/11301.001.0001},
  url       = {https://doi.org/10.7551/mitpress/11301.001.0001}
}


@book{goodfellow2016deep,
  title     = {Deep Learning},
  author    = {Goodfellow, Ian and Bengio, Yoshua and Courville, Aaron},
  keywords  = {book deep learning toread},
  publisher = {MIT Press},
  url       = {http://www.deeplearningbook.org},
  year      = 2016
}


@inproceedings{krizhevsky2012imagenet,
  author    = {Krizhevsky, Alex and Sutskever, Ilya and Hinton, Geoffrey E.},
  title     = {ImageNet classification with deep convolutional neural networks},
  year      = {2012},
  publisher = {Curran Associates Inc.},
  booktitle = {Proceedings of the 26th International Conference on Neural Information Processing Systems - Volume 1},
  pages     = {1097–1105},
  numpages  = {9},
  location  = {Lake Tahoe, Nevada},
  series    = {NIPS'12}
}


@article{hochreiter1997long,
  title      = {Long Short-Term Memory},
  author     = {Hochreiter, Sepp and Schmidhuber, J\"{u}rgen},
  year       = {1997},
  issue_date = {November 15, 1997},
  publisher  = {MIT Press},
  address    = {Cambridge, MA, USA},
  volume     = {9},
  number     = {8},
  issn       = {0899-7667},
  url        = {https://doi.org/10.1162/neco.1997.9.8.1735},
  doi        = {10.1162/neco.1997.9.8.1735},
  journal    = {Neural Comput.},
  month      = nov,
  pages      = {1735–1780},
  numpages   = {46}
}


@misc{cho2014learning,
  title         = {Learning Phrase Representations using RNN Encoder-Decoder for Statistical Machine Translation},
  author        = {Kyunghyun Cho and Bart van Merrienboer and Caglar Gulcehre and Dzmitry Bahdanau and Fethi Bougares and Holger Schwenk and Yoshua Bengio},
  year          = {2014},
  eprint        = {1406.1078},
  archiveprefix = {arXiv},
  primaryclass  = {cs.CL},
  url           = {https://arxiv.org/abs/1406.1078}
}


@misc{mikolov2013distributed,
  title         = {Efficient Estimation of Word Representations in Vector Space},
  author        = {Tomas Mikolov and Kai Chen and Greg Corrado and Jeffrey Dean},
  year          = {2013},
  eprint        = {1301.3781},
  archiveprefix = {arXiv},
  primaryclass  = {cs.CL},
  url           = {https://arxiv.org/abs/1301.3781}
}


@inproceedings{pennington2014glove,
  title     = {GloVe: Global Vectors for Word Representation},
  author    = {Jeffrey Pennington and Richard Socher and Christopher D. Manning},
  booktitle = {Empirical Methods in Natural Language Processing (EMNLP)},
  year      = {2014},
  pages     = {1532--1543},
  url       = {http://www.aclweb.org/anthology/D14-1162}
}


@misc{peters2018deep,
  title         = {Deep contextualized word representations},
  author        = {Matthew E. Peters and Mark Neumann and Mohit Iyyer and Matt Gardner and Christopher Clark and Kenton Lee and Luke Zettlemoyer},
  year          = {2018},
  eprint        = {1802.05365},
  archiveprefix = {arXiv},
  primaryclass  = {cs.CL},
  url           = {https://arxiv.org/abs/1802.05365}
}


@misc{devlin2019bert,
  title         = {BERT: Pre-training of Deep Bidirectional Transformers for Language Understanding},
  author        = {Jacob Devlin and Ming-Wei Chang and Kenton Lee and Kristina Toutanova},
  year          = {2019},
  eprint        = {1810.04805},
  archiveprefix = {arXiv},
  primaryclass  = {cs.CL},
  url           = {https://arxiv.org/abs/1810.04805}
}


@misc{liu2023promptsurvey,
  title         = {Pre-train, Prompt, and Predict: A Systematic Survey of Prompting Methods in Natural Language Processing},
  author        = {Pengfei Liu and Weizhe Yuan and Jinlan Fu and Zhengbao Jiang and Hiroaki Hayashi and Graham Neubig},
  year          = {2021},
  eprint        = {2107.13586},
  archiveprefix = {arXiv},
  primaryclass  = {cs.CL},
  url           = {https://arxiv.org/abs/2107.13586}
}


@misc{dettmers2022int8,
  title         = {LLM.int8(): 8-bit Matrix Multiplication for Transformers at Scale},
  author        = {Tim Dettmers and Mike Lewis and Younes Belkada and Luke Zettlemoyer},
  year          = {2022},
  eprint        = {2208.07339},
  archiveprefix = {arXiv},
  primaryclass  = {cs.LG},
  url           = {https://arxiv.org/abs/2208.07339}
}


@misc{hoffmann2022trainingcomputeoptimal,
  title         = {Training Compute-Optimal Large Language Models},
  author        = {Jordan Hoffmann and Sebastian Borgeaud and Arthur Mensch and Elena Buchatskaya and Trevor Cai and Eliza Rutherford and Diego de Las Casas and Lisa Anne Hendricks and Johannes Welbl and Aidan Clark and Tom Hennigan and Eric Noland and Katie Millican and George van den Driessche and Bogdan Damoc and Aurelia Guy and Simon Osindero and Karen Simonyan and Erich Elsen and Jack W. Rae and Oriol Vinyals and Laurent Sifre},
  year          = {2022},
  eprint        = {2203.15556},
  archiveprefix = {arXiv},
  primaryclass  = {cs.CL},
  url           = {https://arxiv.org/abs/2203.15556}
}


@article{ji2023surveyhallucination,
  title     = {A Survey on Hallucination in Large Language Models: Principles, Taxonomy, Challenges, and Open Questions},
  volume    = {43},
  issn      = {1558-2868},
  url       = {http://dx.doi.org/10.1145/3703155},
  doi       = {10.1145/3703155},
  number    = {2},
  journal   = {ACM Transactions on Information Systems},
  publisher = {Association for Computing Machinery (ACM)},
  author    = {Huang, Lei and Yu, Weijiang and Ma, Weitao and Zhong, Weihong and Feng, Zhangyin and Wang, Haotian and Chen, Qianglong and Peng, Weihua and Feng, Xiaocheng and Qin, Bing and Liu, Ting},
  year      = {2025},
  month     = jan,
  pages     = {1–55}
}


@inproceedings{bender2021parrots,
  title     = {On the Dangers of Stochastic Parrots: Can Language Models Be Too Big?},
  author    = {Bender, Emily M. and Gebru, Timnit and McMillan-Major, Angelina and Shmitchell, Shmargaret},
  year      = {2021},
  isbn      = {9781450383097},
  publisher = {Association for Computing Machinery},
  address   = {New York, NY, USA},
  url       = {https://doi.org/10.1145/3442188.3445922},
  doi       = {10.1145/3442188.3445922},
  booktitle = {Proceedings of the 2021 ACM Conference on Fairness, Accountability, and Transparency},
  pages     = {610-623},
  numpages  = {14},
  location  = {Virtual Event, Canada},
  series    = {FAccT '21}
}


@misc{weidinger2022ethical,
  title         = {Ethical and social risks of harm from Language Models},
  author        = {Laura Weidinger and John Mellor and Maribeth Rauh and Conor Griffin and Jonathan Uesato and Po-Sen Huang and Myra Cheng and Mia Glaese and Borja Balle and Atoosa Kasirzadeh and Zac Kenton and Sasha Brown and Will Hawkins and Tom Stepleton and Courtney Biles and Abeba Birhane and Julia Haas and Laura Rimell and Lisa Anne Hendricks and William Isaac and Sean Legassick and Geoffrey Irving and Iason Gabriel},
  year          = {2021},
  eprint        = {2112.04359},
  archiveprefix = {arXiv},
  primaryclass  = {cs.CL},
  url           = {https://arxiv.org/abs/2112.04359}
}


@online{uspenskyi2025,
  author  = {Serhii Uspenskyi},
  title   = {Large Language Model Statistics And Numbers (2025)},
  year    = 2025,
  url     = {https://springsapps.com/knowledge/large-language-model-statistics-and-numbers-2024}
}


@misc{raffel2020t5,
  title         = {Exploring the Limits of Transfer Learning with a Unified Text-to-Text Transformer},
  author        = {Colin Raffel and Noam Shazeer and Adam Roberts and Katherine Lee and Sharan Narang and Michael Matena and Yanqi Zhou and Wei Li and Peter J. Liu},
  year          = {2023},
  eprint        = {1910.10683},
  archiveprefix = {arXiv},
  primaryclass  = {cs.LG},
  url           = {https://arxiv.org/abs/1910.10683}
}


@misc{minaee2024largelanguagemodelssurvey,
  title         = {Large Language Models: A Survey},
  author        = {Minaee, Shervin and Mikolov, Tomas and Nikzad, Narjes and Chenaghlu, Meysam and Socher, Richard and Amatriain, Xavier and Gao, Jianfeng},
  year          = {2024},
  eprint        = {2402.06196},
  archiveprefix = {arXiv},
  primaryclass  = {cs.CL},
  url           = {https://arxiv.org/abs/2402.06196}
}


@article{kaplan2020scaling,
  author  = {Kaplan, Jared and McCandlish, Sam and Henighan, Tom and Brown, Tom B. and Chess, Benjamin and Child, Rewon and Gray, Scott and Radford, Alec and Wu, Jeffrey and Amodei, Dario},
  title   = {Scaling Laws for Neural Language Models},
  journal = {arXiv preprint arXiv:2001.08361},
  year    = {2020},
  month   = {1},
  url     = {https://arxiv.org/abs/2001.08361}
}


@misc{zhang2024sprigimprovinglargelanguage,
  title         = {SPRIG: Improving Large Language Model Performance by System Prompt Optimization},
  author        = {Lechen Zhang and Tolga Ergen and Lajanugen Logeswaran and Moontae Lee and David Jurgens},
  year          = {2024},
  eprint        = {2410.14826},
  archiveprefix = {arXiv},
  primaryclass  = {cs.CL},
  url           = {https://arxiv.org/abs/2410.14826}
}


@misc{rajaraman2024theorytokenizationllms,
  title         = {Toward a Theory of Tokenization in LLMs},
  author        = {Nived Rajaraman and Jiantao Jiao and Kannan Ramchandran},
  year          = {2024},
  eprint        = {2404.08335},
  archiveprefix = {arXiv},
  primaryclass  = {cs.CL},
  url           = {https://arxiv.org/abs/2404.08335}
}


@misc{openai2025textgeneration,
  author       = {{OpenAI}},
  title        = {Text Generation},
  year         = {2025},
  howpublished = {\url{https://platform.openai.com/docs/guides/text-generation}}
}


@misc{sennrich2016neural,
  title         = {Neural Machine Translation of Rare Words with Subword Units},
  author        = {Rico Sennrich and Barry Haddow and Alexandra Birch},
  year          = {2016},
  eprint        = {1508.07909},
  archiveprefix = {arXiv},
  primaryclass  = {cs.CL},
  url           = {https://arxiv.org/abs/1508.07909}
}


@article{radford2018improving,
  title   = {Improving Language Understanding by Generative Pre-Training},
  author  = {Radford, Alec and Narasimhan, Karthik and Salimans, Tim and Sutskever, Ilya},
  journal = {OpenAI Technical Report},
  year    = {2018}
}


@misc{sahoo2024systematicsurveypromptengineering,
  title         = {A Systematic Survey of Prompt Engineering in Large Language Models: Techniques and Applications},
  author        = {Pranab Sahoo and Ayush Kumar Singh and Sriparna Saha and Vinija Jain and Samrat Mondal and Aman Chadha},
  year          = {2024},
  eprint        = {2402.07927},
  archiveprefix = {arXiv},
  primaryclass  = {cs.AI},
  url           = {https://arxiv.org/abs/2402.07927}
}


@misc{reynolds2021promptprogramminglargelanguage,
  title         = {Prompt Programming for Large Language Models: Beyond the Few-Shot Paradigm},
  author        = {Laria Reynolds and Kyle McDonell},
  year          = {2021},
  eprint        = {2102.07350},
  archiveprefix = {arXiv},
  primaryclass  = {cs.CL},
  url           = {https://arxiv.org/abs/2102.07350}
}


@misc{w3schools2025,
  author = {{W3Schools}},
  title  = {ChatGPT-3.5 Roles},
  year   = {2025},
  url    = {https://www.w3schools.com/gen_ai/chatgpt-3-5/chatgpt-3-5_roles.php}
}


@misc{wei2023chainofthought,
  title         = {Chain-of-Thought Prompting Elicits Reasoning in Large Language Models},
  author        = {Jason Wei and Xuezhi Wang and Dale Schuurmans and Maarten Bosma and Brian Ichter and Fei Xia and Ed Chi and Quoc Le and Denny Zhou},
  year          = {2023},
  eprint        = {2201.11903},
  archiveprefix = {arXiv},
  primaryclass  = {cs.CL},
  url           = {https://arxiv.org/abs/2201.11903}
}


@misc{agents2025,
  author       = {Wiesinger, Julia and Marlow, Patrick and Vuskovic, Vladimir},
  title        = {Agents},
  year         = {2024},
  howpublished = {Kaggle},
  url          = {https://www.kaggle.com/whitepaper-agents}
}


@misc{gyawali2023gpu,
  title         = {Comparative Analysis of CPU and GPU Profiling for Deep Learning Models},
  author        = {Dipesh Gyawali},
  year          = {2023},
  eprint        = {2309.02521},
  archiveprefix = {arXiv},
  primaryclass  = {cs.DC},
  url           = {https://arxiv.org/abs/2309.02521}
}


@misc{colab2025,
  author = {{Google}},
  title  = {{Google Colaboratory}},
  year   = {2025},
  url    = {https://colab.research.google.com/}
}


@misc{nvidia2025,
  author = {{NVIDIA}},
  title  = {{Tesla T4 - NVIDIA Data Center}},
  year   = {2025},
  url    = {https://www.nvidia.com/it-it/data-center/tesla-t4/}
}


@misc{openmeteo,
  title        = {Open-Meteo: Free Weather API},
  howpublished = {\url{https://open-meteo.com/}},
  year         = {2023}
}


@article{hallucinations2023,
  title     = {Survey of Hallucination in Natural Language Generation},
  volume    = {55},
  issn      = {1557-7341},
  url       = {http://dx.doi.org/10.1145/3571730},
  doi       = {10.1145/3571730},
  number    = {12},
  journal   = {ACM Computing Surveys},
  publisher = {Association for Computing Machinery (ACM)},
  author    = {Ji, Ziwei and Lee, Nayeon and Frieske, Rita and Yu, Tiezheng and Su, Dan and Xu, Yan and Ishii, Etsuko and Bang, Ye Jin and Madotto, Andrea and Fung, Pascale},
  year      = {2023},
  month     = mar,
  pages     = {1-38}
}


@inproceedings{strubell2019energy,
  title     = {Energy and Policy Considerations for Deep Learning in {NLP}},
  author    = {Strubell, Emma  and
               Ganesh, Ananya  and
               McCallum, Andrew},
  editor    = {Korhonen, Anna  and
               Traum, David  and
               M{\`a}rquez, Llu{\'i}s},
  booktitle = {Proceedings of the 57th Annual Meeting of the Association for Computational Linguistics},
  month     = jul,
  year      = {2019},
  address   = {Florence, Italy},
  publisher = {Association for Computational Linguistics},
  url       = {https://aclanthology.org/P19-1355/},
  doi       = {10.18653/v1/P19-1355},
  pages     = {3645--3650},
}